<record><leader>00000cas a2200000 a 4500</leader><controlfield tag="001">30994973</controlfield><controlfield tag="008">940823d18uu1896nduwr ne      0    0eng c</controlfield><datafield ind1=" " ind2=" " tag="010"><subfield code="a">sn 94049706 </subfield></datafield><datafield ind1=" " ind2=" " tag="040"><subfield code="a">NOP</subfield><subfield code="b">eng</subfield><subfield code="c">DLC</subfield><subfield code="d">OCL</subfield><subfield code="d">OCLCQ</subfield><subfield code="d">OCLCO</subfield><subfield code="d">OCLCF</subfield></datafield><datafield ind1=" " ind2=" " tag="042"><subfield code="a">pcc</subfield></datafield><datafield ind1=" " ind2=" " tag="043"><subfield code="a">n-us-nd</subfield></datafield><datafield ind1="0" ind2="4" tag="245"><subfield code="a">The Dawson standard.</subfield></datafield><datafield ind1=" " ind2=" " tag="260"><subfield code="a">Dawson, Kidder County, N.D. :</subfield><subfield code="b">A.A. Brundage</subfield></datafield><datafield ind1=" " ind2=" " tag="300"><subfield code="a">v.</subfield></datafield><datafield ind1=" " ind2=" " tag="310"><subfield code="a">Weekly</subfield></datafield><datafield ind1="1" ind2=" " tag="362"><subfield code="a">Ceased in 1896.</subfield></datafield><datafield ind1=" " ind2=" " tag="588"><subfield code="a">Description based on: Vol. 3, no. 14 (Mar. 31, 1893).</subfield></datafield><datafield ind1=" " ind2="0" tag="651"><subfield code="a">Dawson (N.D.)</subfield><subfield code="v">Newspapers.</subfield></datafield><datafield ind1=" " ind2="0" tag="651"><subfield code="a">Kidder County (N.D.)</subfield><subfield code="v">Newspapers.</subfield></datafield><datafield ind1=" " ind2="7" tag="655"><subfield code="a">Newspapers.</subfield><subfield code="2">fast</subfield><subfield code="0">(OCoLC)fst01423814</subfield></datafield><datafield ind1=" " ind2="7" tag="651"><subfield code="a">North Dakota</subfield><subfield code="z">Dawson.</subfield><subfield code="2">fast</subfield><subfield code="0">(OCoLC)fst01251649</subfield></datafield><datafield ind1=" " ind2="7" tag="651"><subfield code="a">North Dakota</subfield><subfield code="z">Kidder County.</subfield><subfield code="2">fast</subfield><subfield code="0">(OCoLC)fst01221222</subfield></datafield><datafield ind1=" " ind2=" " tag="752"><subfield code="a">United States</subfield><subfield code="b">North Dakota</subfield><subfield code="c">Kidder</subfield><subfield code="d">Dawson.</subfield></datafield><datafield ind1="0" ind2="7" tag="785"><subfield code="t">Dawson times (Dawson, N.D.)</subfield><subfield code="w">(DLC)sn 88076176</subfield><subfield code="w">(OCoLC)19900060</subfield></datafield><datafield ind1="0" ind2="7" tag="785"><subfield code="t">Dawson times and standard</subfield><subfield code="w">(DLC)sn 88076177</subfield><subfield code="w">(OCoLC)19899998</subfield></datafield></record>